
@misc{IP RFC,
title = {INTERNET PROTOCOL - PROTOCOL SPECIFICATION},
url = {https://tools.ietf.org/html/rfc791}, 
note = {stand 30.05.2017}
}

@misc{TCP RFC,
title = {TRANMISSIN CONTROL PROTOCOL - PROTOCOL SPECIFICATION},
url = {https://tools.ietf.org/html/rfc793}, 
note = {stand 30.05.2017}
}

@misc{TCP Congestion Control RFC,
title = {TCP Congestion Control},
url = {https://tools.ietf.org/html/rfc5681}, 
note = {stand 30.05.2017}
}

@misc{DHCP options,
title = {DHCP Options and Bootp Vendor Extensions},
url = {https://tools.ietf.org/html/rfc2132} 
note = {stand 30.05.2017}
}

@misc{TCP FSM,
title = {EFSM/SDL modeling of the original TCP standard (RFC793) and the
Congestion Control Mechanism of TCP Reno
},
url = {http://www.medianet.kent.edu/techreports/TR2005-07-22-tcp-EFSM.pdf}, 
note = {stand 30.05.2017}
}

@misc{ISC-DHCPD,
title = {ISC-DHCPD},
url = {https://wiki.ubuntuusers.de/ISC-DHCPD/} ,
note = {stand 30.05.2017}
}
@misc{ejlP,
title = {ejlP: A TCP/IP Stack for Embedded Java},
url = {http://orbit.dtu.dk/files/6633077/41129d01.pdf},
note = {stand 30.05.2017}
}


